%% This BibTeX bibliography file was created using BibDesk.
%% http://bibdesk.sourceforge.net/


%% Created for Wentao Shang at 2017-02-05 19:45:15 -0800 


%% Saved with string encoding Unicode (UTF-8) 



@misc{aws-greengrass,
	Author = {{Amazon Web Services}},
	Date-Added = {2016-12-27 02:13:31 +0000},
	Date-Modified = {2016-12-27 02:15:41 +0000},
	Howpublished = {\url{https://aws.amazon.com/greengrass/}},
	Note = {Accessed on Dec. 26, 2016},
	Title = {{AWS Greegrass}}}

@misc{smartthings,
	Author = {SmartThings},
	Date-Added = {2016-12-27 02:05:42 +0000},
	Date-Modified = {2016-12-27 02:06:20 +0000},
	Howpublished = {\url{http://docs.smartthings.com/en/latest/index.html}},
	Note = {Accessed on Dec. 26, 2016},
	Title = {{SmartThings Developer Documentation}}}

@misc{homekit,
	Author = {Apple},
	Date-Added = {2016-12-27 02:02:20 +0000},
	Date-Modified = {2016-12-27 02:03:17 +0000},
	Howpublished = {\url{https://developer.apple.com/library/content/documentation/NetworkingInternet/Conceptual/HomeKitDeveloperGuide/Introduction/Introduction.html}},
	Note = {Accessed on Dec. 26, 2016},
	Title = {{HomeKit Developer Guide}}}

@misc{azure-iot,
	Author = {Microsoft},
	Date-Added = {2016-12-27 01:58:38 +0000},
	Date-Modified = {2016-12-27 02:18:03 +0000},
	Howpublished = {\url{http://download.microsoft.com/download/A/4/D/A4DAD253-BC21-41D3-B9D9-87D2AE6F0719/Microsoft_Azure_IoT_Reference_Architecture.pdf}},
	Note = {Accessed on Dec. 26, 2016},
	Title = {{Microsoft Azure IoT Reference Architecture}}}

@misc{weave,
	Author = {Google},
	Date-Added = {2016-12-27 01:57:35 +0000},
	Date-Modified = {2016-12-27 02:04:44 +0000},
	Howpublished = {\url{https://developers.google.com/weave/}},
	Note = {Accessed on Dec. 26, 2016},
	Title = {{Google Weave}}}

@misc{aws-iot,
	Author = {{Amazon Web Services}},
	Date-Added = {2016-12-27 01:56:32 +0000},
	Date-Modified = {2016-12-27 01:57:32 +0000},
	Howpublished = {\url{https://aws.amazon.com/iot-platform/}},
	Note = {Accessed on Dec. 26, 2016},
	Title = {{AWS IoT}}}

@misc{iotivity,
	Author = {{IoTivity Project}},
	Date-Added = {2016-12-27 01:29:44 +0000},
	Date-Modified = {2016-12-27 01:33:18 +0000},
	Howpublished = {\url{https://wiki.iotivity.org/architecture}},
	Note = {Accessed on Dec. 26, 2016},
	Title = {{IoTivity Architecture}}}

@inproceedings{ndn-iot,
	Author = {W. Shang and A. Bannis and T. Liang and Z. Wang and Y. Yu and A. Afanasyev and J. Thompson and J. Burke and B. Zhang and L. Zhang},
	Booktitle = {Proceedings of the 1st IEEE International Conference on Internet-of-Things Design and Implementation (IoTDI)},
	Date-Added = {2016-12-27 00:07:07 +0000},
	Date-Modified = {2017-02-06 03:45:12 +0000},
	Month = {Apr.},
	Pages = {117-128},
	Title = {{Named Data Networking of Things (Invited Paper)}},
	Year = {2016},
	Bdsk-Url-1 = {http://dx.doi.org/10.1109/IoTDI.2015.44}}

@inproceedings{afanasyev2015snamp,
	Author = {Alexander Afanasyev and Cheng Yi and Lan Wang and Beichuan Zhang and Lixia Zhang},
	Booktitle = {Proceedings of 18th IEEE Global Internet Symposium (GI 2015)},
	Date-Added = {2016-02-04 02:30:17 +0000},
	Date-Modified = {2016-02-04 02:30:28 +0000},
	Month = {April},
	Title = {{SNAMP}: Secure Namespace Mapping to Scale {NDN} Forwarding},
	Year = {2015},
	Bdsk-Url-1 = {http://dx.doi.org/10.1109/INFCOMW.2015.7179398}}

@techreport{nac,
	Author = {Yingdi Yu and Alexander Afanasyev and Lixia Zhang},
	Date-Added = {2016-01-29 20:33:14 +0000},
	Date-Modified = {2017-02-06 03:03:58 +0000},
	Institution = {NDN Project},
	Month = {Jan.},
	Number = {NDN-0034, Revision 2},
	Title = {{Name-Based Access Control}},
	Year = {2016},
	Bdsk-Url-1 = {http://named-data.net/publications/techreports/ndn-0036-1-ndn-ace/}}
	
@techreport{ccl,
	Author = {Jeff Thompson and Jeff Burke},
	Date-Added = {2014-09-05 20:33:14 +0000},
	Date-Modified = {2014-09-05 19:31:29 +0000},
	Institution = {NDN Project},
	Month = {sep},
	Number = {NDN-0024, Revision 1},
	Title = {{NDN Common Client Libraries}},
	Year = {2014},
	Bdsk-Url-1 = {https://named-data.net/publications/techreports/ccltechreport/}}

@article{stateful-forwarding,
	Acmid = {2459640},
	Address = {Amsterdam, The Netherlands, The Netherlands},
	Author = {Yi, Cheng and Afanasyev, Alexander and Moiseenko, Ilya and Wang, Lan and Zhang, Beichuan and Zhang, Lixia},
	Date-Added = {2016-01-28 00:02:28 +0000},
	Date-Modified = {2016-02-05 03:18:23 +0000},
	Doi = {10.1016/j.comcom.2013.01.005},
	Issn = {0140-3664},
	Issue_Date = {April, 2013},
	Journal = {Comput. Commun.},
	Keywords = {Adaptive forwarding, Forwarding plane, NDN},
	Month = apr,
	Number = {7},
	Numpages = {13},
	Pages = {779--791},
	Publisher = {Elsevier Science Publishers B. V.},
	Title = {{A Case for Stateful Forwarding Plane}},
	Url = {http://dx.doi.org/10.1016/j.comcom.2013.01.005},
	Volume = {36},
	Year = {2013},
	Bdsk-Url-1 = {http://dx.doi.org/10.1016/j.comcom.2013.01.005}}

@article{ndn,
	Author = {Zhang, Lixia and Afanasyev, Alexander and Burke, Jeffrey and Jacobson, Van and claffy, kc and Crowley, Patrick and Papadopoulos, Christos and Wang, Lan and Zhang, Beichuan},
	Date-Added = {2016-01-18 19:32:28 +0000},
	Date-Modified = {2016-12-27 00:25:35 +0000},
	Journal = {ACM SIGCOMM Computer Communication Review (CCR)},
	Month = jul,
	Number = {3},
	Pages = {66--73},
	Title = {{Named Data Networking}},
	Volume = {44},
	Year = {2014},
	Bdsk-Url-1 = {http://doi.acm.org/10.1145/2656877.2656887},
	Bdsk-Url-2 = {http://dx.doi.org/10.1145/2656877.2656887}}

@misc{ndn-btle,
	Author = {{NDN Project Team}},
	Date-Added = {2016-01-16 18:20:28 +0000},
	Date-Modified = {2016-02-05 03:13:46 +0000},
	Howpublished = {Available at \url{https://github.com/ndncomm/ndn-btle/tree/arduino}},
	Title = {{NDNcomm Hackathon: Demonstrate NDN over Bluetooth LE on the Arduino}}}

@misc{ndn-iot-toolkit,
	Author = {Adeola Bannis},
	Date-Added = {2016-01-15 21:15:18 +0000},
	Date-Modified = {2016-12-22 06:07:50 +0000},
	Howpublished = {Available at \url{https://github.com/remap/ndn-pi}},
	Title = {{Named Data Network Internet of Things Toolkit (NDN-IoTT)}}}

@misc{core-rd,
	Author = {Z. Shelby and M. Koster and C. Bormann and P. van der Stok},
	Date-Added = {2016-01-15 21:10:26 +0000},
	Date-Modified = {2016-01-15 21:10:26 +0000},
	Howpublished = {draft-ietf-core-resource-directory-05 (work in progress)},
	Month = oct,
	Publisher = {IETF},
	Title = {{CoRE Resource Directory}},
	Year = 2015}

@inproceedings{chronosync,
	Author = {Zhenkai Zhu and Afanasyev, A.},
	Booktitle = {Proceedings of the 21st IEEE International Conference on Network Protocols (ICNP)},
	Date-Added = {2016-01-10 18:58:22 +0000},
	Date-Modified = {2016-12-31 20:59:54 +0000},
	Month = {Oct},
	Pages = {1-10},
	Title = {{Let's ChronoSync: Decentralized Dataset State Synchronization in Named Data Networking}},
	Year = {2013},
	Bdsk-Url-1 = {http://dx.doi.org/10.1109/ICNP.2013.6733578}}

@inproceedings{trust-schema,
	Author = {Yu, Yingdi and Afanasyev, Alexander and Clark, David and claffy, kc and Jacobson, Van and Zhang, Lixia},
	Booktitle = {Proceedings of the 2nd ACM International Conference on Information-Centric Networking (ICN)},
	Date-Added = {2016-01-08 00:01:55 +0000},
	Date-Modified = {2016-12-31 20:57:00 +0000},
	Pages = {177--186},
	Title = {{Schematizing Trust in Named Data Networking}},
	Year = {2015},
	Bdsk-Url-1 = {http://doi.acm.org/10.1145/2810156.2810170},
	Bdsk-Url-2 = {http://dx.doi.org/10.1145/2810156.2810170}}

@misc{alljoyn,
	Author = {{AllSeen Alliance}},
	Date-Added = {2016-01-06 20:50:20 +0000},
	Date-Modified = {2016-12-27 01:29:22 +0000},
	Howpublished = {\url{https://allseenalliance.org/framework}},
	Note = {Accessed on Dec. 26, 2016},
	Title = {{AllJoyn Framework}}}

@misc{bluetooth,
	Author = {{Bluetooth Special Interest Group (SIG)}},
	Date-Added = {2016-01-05 22:24:55 +0000},
	Date-Modified = {2017-02-06 03:44:46 +0000},
	Month = {Dec},
	Note = {Available at \url{https://www.bluetooth.com/specifications/adopted-specifications}},
	Title = {{Bluetooth Specification Version 4.2}},
	Year = {2014}}

@misc{zigbee,
	Author = {{ZigBee Alliance}},
	Date-Added = {2016-01-05 22:21:30 +0000},
	Date-Modified = {2016-01-05 22:24:09 +0000},
	Howpublished = {ZigBee Document 053474r20},
	Month = {September},
	Note = {Available at \url{http://www.zigbee.org/zigbee-for-developers/network-specifications/zigbeepro/}},
	Title = {{ZigBee Specification}},
	Year = {2012}}

@misc{thread,
	Author = {{Thread Group}},
	Date-Added = {2016-01-02 21:54:40 +0000},
	Date-Modified = {2016-12-27 00:23:09 +0000},
	Howpublished = {White Paper},
	Month = {July},
	Title = {{Thread Stack Fundamentals}},
	Url = {http://threadgroup.org/Portals/0/documents/whitepapers/Thread%20Stack%20Fundamentals_v2_public.pdf},
	Year = {2015},
	Bdsk-Url-1 = {http://threadgroup.org/Portals/0/documents/whitepapers/Thread%20Stack%20Fundamentals_v2_public.pdf}}

@techreport{ndn-ace,
	Author = {Wentao Shang and Yingdi Yu and Teng Liang and Beichuan Zhang and Lixia Zhang},
	Date-Added = {2015-12-28 22:22:14 +0000},
	Date-Modified = {2016-02-11 19:31:35 +0000},
	Institution = {NDN Project},
	Month = {dec},
	Number = {NDN-0036, Revision 1},
	Title = {{NDN-ACE: Access Control for Constrained Environments over Named Data Networking}},
	Year = {2015},
	Bdsk-Url-1 = {http://named-data.net/publications/techreports/ndn-0036-1-ndn-ace/}}

@misc{arduino-uno,
	Author = {Arduino},
	Date-Added = {2015-12-28 20:46:48 +0000},
	Date-Modified = {2016-01-29 22:39:49 +0000},
	Howpublished = {\url{https://www.arduino.cc/en/Main/ArduinoBoardUno}},
	Note = {Accessed on Jan. 29, 2016},
	Title = {{Arduino Uno}}}

@inproceedings{ndnjs,
	Author = {Wentao Shang and Thompson, J. and Cherkaoui, M. and Burkey, J. and Lixia Zhang},
	Booktitle = {Computer Communications Workshops (INFOCOM WKSHPS), 2013 IEEE Conference on},
	Date-Added = {2015-12-27 21:18:31 +0000},
	Date-Modified = {2015-12-27 21:19:21 +0000},
	Doi = {10.1109/INFCOMW.2013.6970726},
	Keywords = {Internet;Java;mobile handsets;online front-ends;CCNx code package;Firefox Add-On;HTML5 WebSocket;JavaScript WebSocket;JavaScript client library;JavaScript implementation;NDN experimentation;NDN network;NDN-based Web architecture;NDN.JS;URI scheme;Web browsers;Websocket proxy;client library;content fetching;mobile devices;named data networking;Browsers;Libraries;Reactive power;Routing protocols;Throughput;Wires},
	Month = {April},
	Pages = {399-404},
	Title = {{NDN.JS: A JavaScript client library for Named Data Networking}},
	Year = {2013},
	Bdsk-Url-1 = {http://dx.doi.org/10.1109/INFCOMW.2013.6970726}}

@misc{mqtt-sn,
	Author = {Stanford-Clark, Andy and Truong, Hong Linh},
	Date-Added = {2015-12-19 00:47:57 +0000},
	Date-Modified = {2015-12-19 01:07:50 +0000},
	Howpublished = {\url{http://mqtt.org/new/wp-content/uploads/2009/06/MQTT-SN_spec_v1.2.pdf}},
	Title = {{MQTT For Sensor Networks (MQTT-SN) Protocol Specification}},
	Year = {2013}}

@misc{rpl,
	Author = {T. Winter and P. Thubert and A. Brandt and J. Hui and R. Kelsey and P. Levis and K. Pister and R. Struik and JP. Vasseur and R. Alexander},
	Date-Added = {2015-12-17 22:47:05 +0000},
	Date-Modified = {2015-12-17 22:47:20 +0000},
	Howpublished = {RFC 6550 (Proposed Standard)},
	Month = mar,
	Title = {{RPL: IPv6 Routing Protocol for Low-Power and Lossy Networks}},
	Year = 2012,
	Bdsk-Url-1 = {http://www.ietf.org/rfc/rfc6550.txt}}

@misc{nd-6lowpan,
	Author = {Z. Shelby and S. Chakrabarti and E. Nordmark and C. Bormann},
	Date-Added = {2015-12-17 22:45:26 +0000},
	Date-Modified = {2015-12-17 22:45:52 +0000},
	Howpublished = {RFC 6775 (Proposed Standard)},
	Month = nov,
	Title = {{Neighbor Discovery Optimization for IPv6 over Low-Power Wireless Personal Area Networks (6LoWPANs)}},
	Year = 2012,
	Bdsk-Url-1 = {http://www.ietf.org/rfc/rfc6775.txt}}

@misc{dtls,
	Author = {E. Rescorla and N. Modadugu},
	Date-Added = {2015-12-17 22:28:09 +0000},
	Date-Modified = {2015-12-17 22:28:26 +0000},
	Howpublished = {RFC 6347 (Proposed Standard)},
	Month = jan,
	Title = {{Datagram Transport Layer Security Version 1.2}},
	Year = 2012,
	Bdsk-Url-1 = {http://www.ietf.org/rfc/rfc6347.txt}}

@misc{coap,
	Author = {Z. Shelby and K. Hartke and C. Bormann},
	Date-Added = {2015-12-17 22:25:54 +0000},
	Date-Modified = {2015-12-17 22:27:41 +0000},
	Howpublished = {RFC 7252 (Proposed Standard)},
	Month = jun,
	Title = {{The Constrained Application Protocol (CoAP)}},
	Year = 2014,
	Bdsk-Url-1 = {http://www.ietf.org/rfc/rfc7252.txt}}

@article{802.15.4,
	Author = {IEEE},
	Date-Added = {2015-12-17 22:25:15 +0000},
	Date-Modified = {2015-12-17 22:25:15 +0000},
	Journal = {IEEE Std 802.15.4-2006},
	Keywords = {Zigbee;data communication;protocols;telecommunication standards;IEEE Std 802.15.4-2006;IEEE standard;LR-WPAN;RF transmission;data communication device;local area networks;low data rate transmission;low-power low-complexity short-range radiofrequency transmission;low-rate wireless personal area networks;metropolitan area networks;protocol;Ad hoc networks;IEEE standards;Local area networks;Low power electronics;Metropolitan area networks;Mobile communication;Personal area networks;Wireless LAN networks;IEEE 802.15.4;LR-WPAN;PAN;RF;WPAN;ad hoc network;low data rate;low power;mobility;personal area network;radio frequency;short range;wireless;wireless personal area network},
	Month = {June},
	Title = {{IEEE Standard for Local and metropolitan area networks--Part 15.4: Wireless Medium Access Control (MAC) and Physical Layer (PHY) Specifications for Low-Rate Wireless Personal Area Networks (WPANs)}},
	Year = {2006}}

@misc{6lowpan,
	Author = {Montenegro, Gabriel and Kushalnagar, Nandakishore and Hui, Jonathan and Culler, David},
	Date-Added = {2015-12-17 22:23:36 +0000},
	Date-Modified = {2015-12-17 22:27:15 +0000},
	Howpublished = {RFC 4944 (Proposed Standard)},
	Month = {September},
	Title = {{Transmission of IPv6 Packets over IEEE 802.15.4 Networks}},
	Year = {2007}}

@inproceedings{ccn-van,
	Author = {Jacobson, Van and Smetters, Diana K. and Thornton, James D. and Plass, Michael F. and Briggs, Nicholas H. and Braynard, Rebecca L.},
	Booktitle = {Proceedings of the 5th ACM International Conference on Emerging Networking Experiments and Technologies (CoNEXT)},
	Date-Modified = {2016-12-31 20:56:49 +0000},
	Pages = {1--12},
	Title = {{Networking Named Content}},
	Year = {2009},
	Bdsk-Url-1 = {http://doi.acm.org/10.1145/1658939.1658941},
	Bdsk-Url-2 = {http://dx.doi.org/10.1145/1658939.1658941}}

@article{wentao-bms,
	Author = {Wentao Shang and Qiuhan Ding and Marianantoni, A. and Burke, J. and Lixia Zhang},
	Date-Modified = {2016-02-05 03:09:29 +0000},
	Doi = {10.1109/MNET.2014.6843232},
	Issn = {0890-8044},
	Journal = {Network, IEEE},
	Keywords = {Internet;authorisation;building management systems;cryptography;data acquisition;data visualisation;online front-ends;IP-based open standard technologies;Internet architecture;NDN;UCLA campus testbed;Web browser-based data visualization interface;access control lists;building automation systems;building management systems;data-centric BMS design;encryption keys;encryption-based access control;hierarchical data namespace;industry standard sensors;information-centric networking architecture designs;named data networking;sensor data acquisition system;software-hardware interoperability;Access control;Building automation;Cryptography;IP networks;Information retrieval;Information technology;Logic gates;Network architecture;Network security;Protocols},
	Month = {May},
	Number = {3},
	Pages = {50-56},
	Title = {Securing building management systems using {Named Data Networking}},
	Volume = {28},
	Year = {2014},
	Bdsk-Url-1 = {http://dx.doi.org/10.1109/MNET.2014.6843232}}

@conference{NDN-lighting-NOM,
	Author = {J. Burke and P. Gasti and N. Nathan and G. Tsudik},
	Booktitle = {Proc. of IEEE INFOCOMM 2013 NOMEN Workshop},
	Date-Added = {2013-06-07 17:41:24 +0000},
	Date-Modified = {2013-06-07 17:41:24 +0000},
	Month = Apr,
	Title = {Securing Instrumented Environments over {Content-Centric Networking}: the Case of Lighting Control},
	Year = {2013}}

@article{belli2015design,
	Author = {Belli, Laura and Cirani, Simone and Davoli, Luca and Gorrieri, Andrea and Mancin, Mirko and Picone, Marco and Ferrari, Gianluigi},
	Date-Modified = {2016-02-05 03:06:59 +0000},
	Journal = {Computer},
	Number = {9},
	Pages = {32--40},
	Publisher = {IEEE},
	Title = {{Design and Deployment of an IoT Application-Oriented Testbed}},
	Year = {2015}}

@inproceedings{gusev2015ndn,
	Author = {Gusev, Peter and Burke, Jeff},
	Booktitle = {Proceedings of the 2nd International Conference on Information-Centric Networking},
	Date-Modified = {2016-02-05 03:12:32 +0000},
	Organization = {ACM},
	Pages = {117--126},
	Title = {{NDN-RTC: Real-time videoconferencing over Named Data Networking}},
	Year = {2015}}

@article{afanasyev2016second,
	Author = {Afanasyev, Alexander and Yu, Yingi and Zhang, Lixia and Burke, Jeff and Polterock, Joshua and others},
	Date-Modified = {2016-02-05 03:11:45 +0000},
	Journal = {ACM SIGCOMM Computer Communication Review},
	Number = {1},
	Pages = {58--63},
	Publisher = {ACM},
	Title = {{The Second Named Data Networking Community Meeting (NDNcomm 2015)}},
	Volume = {46},
	Year = {2016}}

@techreport{Afanasyev2014:NFDDevGuide,
	Author = {Alexander Afanasyev and Junxiao Shi and Beichuan Zhang and Lixia Zhang and Ilya Moi- seenko and Yingdi Yu and Wentao Shang and Yi Huang and Jerald Paul Abraham and Steve DiBenedetto and Chengyu Fan and Christos Papadopoulos and Davide Pesavento and Giulio Grassi and Giovanni Pau and Hang Zhang and Tian Song and Haowei Yuan and Hila Ben Abraham and Patrick Crowley and Syed Obaid Amin and Vince Lehman and and Lan Wang},
	Date-Modified = {2016-02-11 19:31:45 +0000},
	Institution = {NDN Project},
	Month = {oct},
	Number = {NDN-0021, Revision 5},
	Title = {{NFD Developers Guide}},
	Year = {2015},
	Bdsk-Url-1 = {http://named-data.net/publications/techreports/}}

@techreport{naming-tr,
	Author = {{NDN Project Team}},
	Date-Modified = {2016-02-05 03:13:22 +0000},
	Institution = {NDN Project},
	Month = {July},
	Number = {NDN-0022},
	Title = {{NDN Technical Memo: Naming Conventions}},
	Year = {2014}}

@techreport{np-tr,
	Author = {{NDN Project Team}},
	Date-Modified = {2016-02-11 19:31:18 +0000},
	Institution = {NDN Project},
	Month = {August},
	Number = {NDN-0026},
	Title = {{FIA-NP: Collaborative Research: Named Data Networking Next Phase (NDN-NP) Proposal}},
	Year = {2014},
	Bdsk-Url-1 = {http://named-data.net/publications/techreports/}}

@misc{ndn-packet,
	Author = {{NDN Project Team}},
	Howpublished = {\url{http://named-data.net/doc/ndn-tlv/}},
	Note = {Accessed on Feb. 11, 2016},
	Title = {{NDN Packet Format Specification}}}

@techreport{tr-iot-challenges,
	Author = {Shang, Wentao and Yu, Yingdi and Droms, Ralph and Zhang, Lixia},
	Institution = {NDN Project},
	Month = {February},
	Number = {NDN-0038},
	Title = {{Challenges in IoT Networking via TCP/IP Architecture}},
	Year = {2016},
	Bdsk-Url-1 = {http://named-data.net/publications/techreports/}}
